@article{
  r5rs,
  author  = "R. Kelsey and W. Clinger and J. Rees (eds.)",
  title   = "Revised$^{5}$ {R}eport on the {A}lgorithmic {L}anguage {S}cheme",
  journal = "Higher-Order and Symbolic Computation",
  number  = 1,
  volume  = 11,
  month   = "August",
  year    = 1998
}

@article{
  qw05,
  author  = "P. Quaglia and D. Walker",
  title   = "Types and full abstraction for polyadic $\pi$-calculus",
  journal = "Information and Computation",
  number  = 200,
  year    = 2005
}
